@misc{wiki:single-precision_floating-point,
    author = "{Wikipedia contributors}",
    title = "Single-precision floating-point format --- {Wikipedia}{,} The Free Encyclopedia",
    year = "2021",
    howpublished = "\url{https://en.wikipedia.org/w/index.php?title=Single-precision_floating-point_format&oldid=1054658476}",
    note = "[Online; accessed 24-February-2022]"
}
